<?xml version="1.0" encoding="UTF-8"?><collection xmlns="http://www.loc.gov/MARC21/slim"><record><leader>00327nam--2200121-i-4500</leader><controlfield tag="001">000048478</controlfield><controlfield tag="002">20161230</controlfield><controlfield tag="005">20161230201047</controlfield><controlfield tag="008">060222s1000------------r-----000-0-eng-d</controlfield><datafield ind1=" " ind2=" " tag="080"><subfield code="a">681.31</subfield></datafield><datafield ind1=" " ind2=" " tag="245"><subfield code="a">Avtomatizirovannoe programmirovanie zadach na cvm tipa minsk-12</subfield></datafield><datafield ind1=" " ind2=" " tag="260"><subfield code="a">Moskva, Sovetskoe Radio, 1968. 230 S</subfield></datafield><datafield ind1=" " ind2=" " tag="852"><subfield code="a">30481</subfield></datafield></record></collection>